../../apostila/conf/abntex2/abnt-options.bib