% Apostila

@book{descartes,
                title = {Discurso do M{\'e}todo},
               author = {Descartes, R. and Neves, P.},
                 isbn = {9788525423283},
                  url = {https://books.google.com.br/books?id=4lR0B1IChPUC},
                 year = {2005},
            publisher = {L\&PM Editores}
}

@MISC{lba/06,
      organization = {Large Scale Biosphere Atmosphere Experiment in Amazonia (LBA)},
             title = {},  
            year = {2006},
             url = { http://lba.cptec.inpe.br/lba },
   urlaccessdate = { 31 de janeiro 2006 },
}

@ARTICLE{nobre/2005,
         author  = {Luizao, F. J. and Nobre, C. A. and Manzi, A. O.},
         title   = {Projeto LBA: Estudando as Complexas Intera{\c c}\~oes da Biosfera com a Atmosfera na Amaz\^onia},
         journal = {ACTA Amaz\^onica},
         year    = {2005},
         volume  = {35},
         number  = {1-2},
         pages   = {109--110},
}

@misc{wiki:xxx,
            author = "{Wikipedia contributors}",
             title = "LaTeX --- {Wikipedia}{,} The Free Encyclopedia",
              year = "2011",
      howpublished = "\url{https://en.wikipedia.org/w/index.php?title=LaTeX&oldid=413720397}",
              note = "[Online; accessed 29-July-2019]"
}

@article{doi:10.1175/MWR-D-13-00016.1,
            author = {Wedi, Nils P. and Hamrud, Mats and Mozdzynski, George},
             title = {A Fast Spherical Harmonics Transform for Global NWP and Climate Models},
           journal = {Monthly Weather Review},
            volume = {141},
            number = {10},
             pages = {3450-3461},
              year = {2013},
               doi = {10.1175/MWR-D-13-00016.1},
               URL = {https://doi.org/10.1175/MWR-D-13-00016.1},
            eprint = {https://doi.org/10.1175/MWR-D-13-00016.1},
          abstract = {Abstract Very high-resolution spectral transform models are believed to become prohibitively expensive because of the relative increase in computational cost of the Legendre transforms compared to the gridpoint computations. This article describes the implementation of a practical fast spherical harmonics transform into the Integrated Forecast System (IFS) at ECMWF. Details of the accuracy of the computations, of the parallelization, and memory use are discussed. Results are presented that demonstrate the cost effectiveness and accuracy of the fast spherical harmonics transform, successfully mitigating the concern about the disproportionally growing computational cost. Using the new transforms, the first T7999 global weather forecast (equivalent to ≈2.5-km horizontal grid size) using a spectral transform model has been produced.}
}

@article{wedietal/2013,
            author = {Wedi, Nils P. and Hamrud, Mats and Mozdzynski, George},
             title = {A Fast Spherical Harmonics Transform for Global NWP and Climate Models},
           journal = {Monthly Weather Review},
            volume = {141},
            number = {10},
             pages = {3450-3461},
              year = {2013},
               doi = {10.1175/MWR-D-13-00016.1},
               URL = {https://doi.org/10.1175/MWR-D-13-00016.1},
            eprint = {https://doi.org/10.1175/MWR-D-13-00016.1},
          abstract = {Abstract Very high-resolution spectral transform models are believed to become prohibitively expensive because of the relative increase in computational cost of the Legendre transforms compared to the gridpoint computations. This article describes the implementation of a practical fast spherical harmonics transform into the Integrated Forecast System (IFS) at ECMWF. Details of the accuracy of the computations, of the parallelization, and memory use are discussed. Results are presented that demonstrate the cost effectiveness and accuracy of the fast spherical harmonics transform, successfully mitigating the concern about the disproportionally growing computational cost. Using the new transforms, the first T7999 global weather forecast (equivalent to ≈2.5-km horizontal grid size) using a spectral transform model has been produced.}
}

@misc{WinNT,
             title = {{MS Windows NT} Kernel Description},
      howpublished = {\url{http://web.archive.org/web/20080207010024/http://www.808multimedia.com/winnt/kernel.htm}},
              note = {Accessed: 2010-09-30}
}

@book{knuth/1996,
            author = {Knuth, Donald E.},
             title = {The TeXbook},
              year = {1996},
              isbn = {0201134470},
         publisher = {Addison-Wesley Professional},
} 

@PhDThesis{bastarz/2017,
          	author = "Bastarz, Carlos Frederico",
             title = "Assimila{\c{c}}{\~a}o de dados global h{\'{\i}}brida por conjunto-variacional no CPTEC",
          	school = "Instituto Nacional de Pesquisas Espaciais (INPE)",
              year = "2017",
           address = "S{\~a}o Jos{\'e} dos Campos",
             month = "2017-07-18",
          keywords = "assimila{\c{c}}{\~a}o de dados. assimila{\c{c}}{\~a}o variacional tridimensional. filtro de Kalman por conjuntos. assimila{\c{c}}{\~a}o de dados h{\'{\i}}brida. matriz de            covari{\^a}ncias. previs{\~a}o num{\'e}rica de tempo. data assimilation. 3D variational assimilation. ensemble Kalman filter. hybrid data assimilation. covariance matrix. numerical weather prediction.",
       affiliation = "{Instituto Nacional de Pesquisas Espaciais (INPE)}",
         committee = "Bonatti, Jos{\'e} Paulo (presidente) and Herdies, Dirceu Luis (orientador) and Sapucci, Luiz Fernando and Tanajura, Clemente Augusto Souza and Dias, Pedro Leite da Silva",
      englishtitle = "Global Hybrid Ensemble Variational Data Assimilation at CPTEC",
          language = "pt",
             pages = "275",
        targetfile = "publicacao.pdf",
     urlaccessdate = "09 set. 2019"
}

@Misc{roth/2002,
            author = "Roth, Bruno Alois Forlin",
             title = "Modelo para submiss{\~a}o de teses/disserta{\c{c}}{\~o}es e outras publica{\c{c}}{\~o}es preparadas em LaTeX",
      howpublished = "Deposited in the URLib collection.",
              year = "2002",
          keywords = "documentacao, normas.",
          language = "pt",
               ibi = "sid.inpe.br/marciana/2002/09.26.17.24",
               url = "http://urlib.net/rep/sid.inpe.br/marciana/2002/09.26.17.24",
     urlaccessdate = "28 set. 2019"
}

@MastersThesis{estiloinpe,
            author = "{Instituto Nacional de Pesquisas Espaciais}",
             title = "Estilo para editora{\c{c}}{\~a}o de teses/disserta{\c{c}}{\~o}es e outras publica{\c{c}}{\~o}es preparadas em LaTeX",
          	school = "Instituto Nacional de Pesquisas Espaciais (INPE)",
           address = "S{\~a}o Jos{\'e} dos Campos",
             month = "aaaa-mm-dd",
        	keywords = "estilo, normas, LaTeX.",
      englishtitle = "INPE template for PhD and Master thesis edited in LaTeX",
        	language = "pt",
               ibi = "8JMKD3MGP8W/Q5S2PS",
               url = "http://urlib.net/rep/8JMKD3MGP8W/Q5S2PS",
        targetfile = "publicacao.tex",
            	year = "2019",
     urlaccessdate = "01 out. 2019"
}

@Misc{barbedo/2018a,
            author = "Barbedo, Simone Ang{\'e}lica Del Ducca and Fernandes, Andr{\'e} Luis Dias",
             title = "Como elaborar refer{\^e}ncias bibliogr{\'a}ficas em ABNT",
      howpublished = "Instituto Nacional de Pesquisas Espaciais (INPE)",
            	year = "2018",
        	keywords = "livreto, orienta{\c{c}}{\~a}o, refer{\^e}ncias bibliogr{\'a}ficas.",
        	abstract = "Neste guia, ser{\~a}o apresentados o modelo e exemplos para elabora{\c{c}}{\~a}o de referencias bibliogr{\'a}ficas de: 	Livros, Cap{\'{\i}}tulos de Livros, Teses e Disserta{\c{c}}{\~o}es, Artigos em revista, Artigos apresentados 	em congressos, Sites, e-mails, Patentes, Normas t{\'e}cnicas, 	Manuais, Notas de aula e Comunica{\c{c}}{\~a}o pessoal. Os 	pacotes de refer{\^e}ncia para Latex encontram-se no final deste 	guia.",
       affiliation = "{Instituto Nacional de Pesquisas Espaciais (INPE)} and {Instituto Nacional de Pesquisas Espaciais (INPE)}",
            	city = "S{\~a}o Jos{\'e} dos Campos",
        	language = "pt",
             pages = "19",
      	targetfile = "Manual de referencias ABNT.pdf",
     urlaccessdate = "01 out. 2019"
}

@Misc{barbedo/2018b,
            author = "Barbedo, Simone Ang{\'e}lica Del Ducca and Fernandes, Andr{\'e} Luis Dias",
             title = "Como formatar teses e disserta{\c{c}}{\~a}oes do INPE",
      howpublished = "Instituto Nacional de Pesquisas Espaciais (INPE)",
              year = "2018",
          keywords = "livreto, orienta{\c{c}}{\~a}o, formata{\c{c}}{\~a}o, ABNT.",
          abstract = "Este guia cont{\'e}m instru{\c{c}}{\~o}es para formata{\c{c}}{\~a}o de teses e disserta{\c{c}}{\~o}es do INPE, extra{\'{\i}}do do Manual para elabora{\c{c}}{\~a}o, formata{\c{c}}{\~a}o e submiss{\~a}o de teses, disserta{\c{c}}{\~o}es e outras publica{\c{c}}{\~o}es do INPE.",
        ffiliation = "{Instituto Nacional de Pesquisas Espaciais (INPE)} and {Instituto Nacional de Pesquisas Espaciais (INPE)}",
              city = "S{\~a}o Jos{\'e} dos Campos",
          language = "pt",
             pages = "42",
        targetfile = "Manual_fomatacao_TDIs.pdf",
     urlaccessdate = "01 out. 2019"
}

@MANUAL{araujo/2018,
             title = {O pacote abntex2cite: t{\'o}picos espec{\'i}ficos da {ABNT NBR} 105020:2002 e o estilo bibliogr{\'a}fico alfab{\'e}tico (sistema autor-data)},
            author = {Araujo, Lauro C{\'e}sar},
               url = {http://mirrors.ibiblio.org/CTAN/macros/latex/contrib/abntex2/doc/abntex2cite-alf.pdf},
             month = oct,
              year = {2018},
         org-short = {ABNT},
             pages = {22},
     urlaccessdate = {01 out. 2019},
}


@article{fulano/1964,
            author = {Fulano, Sicrano},
             title = {Um Exemplo de Refer{\^e}ncia Bibliogr{\'a}fica do tipo article.},
           journal = {Revista Mensal de Ci{\^e}ncia},
            volume = {12},
            number = {11},
             pages = {340-346},
              year = {1964},
}

@article{ciclanoetal/1975,
            author = {Ciclano, Beltrano and Fulano, Sicrano},
             title = {Mais um exemplo de Refer{\^e}ncia Bibliogr{\'a}fica do tipo article.},
           journal = {Revista Mensal de Ci{\^e}ncia},
            volume = {2},
            number = {21},
             pages = {430-436},
              year = {1975},
}

>
